<?xml version="1.0" encoding="UTF-8"?><record xmlns="http://www.loc.gov/MARC21/slim" xmlns:cinclude="http://apache.org/cocoon/include/1.0" xmlns:zs="http://www.loc.gov/zing/srw/">
  <leader>00375nz  a2200121n  4500</leader>
  <controlfield tag="001">n  86118995 </controlfield>
  <controlfield tag="003">DLC</controlfield>
  <controlfield tag="005">19870825060953.0</controlfield>
  <controlfield tag="008">870709n| acannaab|          |n aaa |||  </controlfield>
  <datafield tag="010" ind1=" " ind2=" ">
    <subfield code="a">n  86118995 </subfield>
  </datafield>
  <datafield tag="040" ind1=" " ind2=" ">
    <subfield code="a">DLC</subfield>
    <subfield code="c">DLC</subfield>
  </datafield>
  <datafield tag="100" ind1="1" ind2="0">
    <subfield code="a">Schlesinger, Roger,</subfield>
    <subfield code="d">1943-</subfield>
  </datafield>
  <datafield tag="670" ind1=" " ind2=" ">
    <subfield code="a">Thevet, A. AndreĚ Thevet's North America, c1986:</subfield>
    <subfield code="b">t.p. (Roger Schlesinger) Can CIP (Schlesinger, Roger, 1943- )</subfield>
  </datafield>
</record>